<record><leader>00000cas a22000007a 4500</leader><controlfield tag="001">20577049</controlfield><controlfield tag="008">891031u1951uuuulauwr ne      0    0eng d</controlfield><datafield ind1=" " ind2=" " tag="010"><subfield code="a">sn 89059420 </subfield></datafield><datafield ind1=" " ind2=" " tag="040"><subfield code="a">LNP</subfield><subfield code="b">eng</subfield><subfield code="c">LNP</subfield><subfield code="d">OCLCQ</subfield><subfield code="d">OCLCF</subfield><subfield code="d">OCLCO</subfield></datafield><datafield ind1=" " ind2=" " tag="042"><subfield code="a">msc</subfield></datafield><datafield ind1=" " ind2=" " tag="043"><subfield code="a">n-us-la</subfield></datafield><datafield ind1="0" ind2="4" tag="245"><subfield code="a">The Kisatchian.</subfield></datafield><datafield ind1=" " ind2=" " tag="260"><subfield code="a">DeRidder, La. :</subfield><subfield code="b">Beauregard News, Inc.</subfield></datafield><datafield ind1=" " ind2=" " tag="300"><subfield code="a">v.</subfield></datafield><datafield ind1=" " ind2=" " tag="310"><subfield code="a">Weekly</subfield></datafield><datafield ind1="0" ind2=" " tag="362"><subfield code="a">Vol. 1, no. 1 (July 13, 1951)-</subfield></datafield><datafield ind1=" " ind2=" " tag="500"><subfield code="a">"Published in the interest of the military and civilian personnel at Camp Polk, Louisiana ..."</subfield></datafield><datafield ind1=" " ind2="0" tag="651"><subfield code="a">DeRidder (La.)</subfield><subfield code="v">Newspapers.</subfield></datafield><datafield ind1=" " ind2="7" tag="655"><subfield code="a">Newspapers.</subfield><subfield code="2">fast</subfield><subfield code="0">(OCoLC)fst01423814</subfield></datafield><datafield ind1=" " ind2="7" tag="651"><subfield code="a">Louisiana</subfield><subfield code="z">DeRidder.</subfield><subfield code="2">fast</subfield><subfield code="0">(OCoLC)fst01217784</subfield></datafield><datafield ind1=" " ind2=" " tag="752"><subfield code="a">United States</subfield><subfield code="b">Louisiana</subfield><subfield code="c">Beauregard</subfield><subfield code="d">DeRidder.</subfield></datafield></record>